<record><leader>00000cas a22000007a 4500</leader><controlfield tag="001">19135254</controlfield><controlfield tag="008">890210d18881972mouwr ne      0    0eng d</controlfield><datafield ind1=" " ind2=" " tag="010"><subfield code="a">sn 89066249 </subfield></datafield><datafield ind1=" " ind2=" " tag="040"><subfield code="a">MQN</subfield><subfield code="b">eng</subfield><subfield code="c">MQN</subfield><subfield code="d">OCLCQ</subfield></datafield><datafield ind1=" " ind2=" " tag="042"><subfield code="a">msc</subfield></datafield><datafield ind1="0" ind2="0" tag="245"><subfield code="a">Christian County Republican.</subfield></datafield><datafield ind1="3" ind2="0" tag="246"><subfield code="a">Christian County Republican and the Billings times</subfield></datafield><datafield ind1=" " ind2=" " tag="260"><subfield code="a">Ozark, Mo. :</subfield><subfield code="b">W.W. Kinloch</subfield></datafield><datafield ind1=" " ind2=" " tag="300"><subfield code="a">v.</subfield></datafield><datafield ind1=" " ind2=" " tag="310"><subfield code="a">Weekly</subfield></datafield><datafield ind1="1" ind2=" " tag="362"><subfield code="a">Began in 1888?</subfield></datafield><datafield ind1="0" ind2=" " tag="362"><subfield code="a">-v. 84, no. 37 (Nov. 30, 1972).</subfield></datafield><datafield ind1=" " ind2=" " tag="500"><subfield code="a">"The Official Paper of the Republican Party of Christian County."</subfield></datafield><datafield ind1=" " ind2=" " tag="580"><subfield code="a">Published with: Billings times (Billings, Mo.), Nov. 5, 1953-Sept. 30, 1954, when Billings times was absorbed.</subfield></datafield><datafield ind1=" " ind2=" " tag="588"><subfield code="a">Description based on: Vol. 2, no. 40 (Feb. 6, 1889).</subfield></datafield><datafield ind1=" " ind2="4" tag="651"><subfield code="a">Christian County (Mo.)</subfield><subfield code="v">Newspapers.</subfield></datafield><datafield ind1=" " ind2=" " tag="752"><subfield code="a">United States</subfield><subfield code="b">Missouri</subfield><subfield code="c">Christian</subfield><subfield code="d">Ozark.</subfield></datafield><datafield ind1=" " ind2=" " tag="752"><subfield code="a">United States</subfield><subfield code="b">Missouri</subfield><subfield code="c">Christian</subfield><subfield code="d">Billings.</subfield></datafield><datafield ind1="1" ind2="5" tag="780"><subfield code="t">Billings times (Billings, Mo.)</subfield><subfield code="w">(DLC)sn 86063277</subfield></datafield><datafield ind1="0" ind2="4" tag="785"><subfield code="t">Ozark headliner</subfield><subfield code="w">(DLC)sn 89066251</subfield></datafield><datafield ind1="1" ind2=" " tag="029"><subfield code="a">AU@</subfield><subfield code="b">000020542152</subfield></datafield></record>